@string{tacas1  = "Tools and Algorithms for Construction and Analysis of Systems
                 (TACAS), Part I"}

@inproceedings{nieuwenhuis2005,
  author = "Nieuwenhuis, Robert and Oliveras, Albert",
  editor = "Giesl, J{\"u}rgen",
  title = "Proof-Producing Congruence Closure",
  booktitle = "Term Rewriting and Applications",
  year = "2005",
  publisher = "Springer Berlin Heidelberg",
  address = "Berlin, Heidelberg",
  pages = "453--468",
  abstract = "Many applications of congruence closure nowadays require the
              ability of recovering, among the thousands of input equations,
              the small subset that caused the equivalence of a given pair of
              terms. For this purpose, here we introduce an incremental
              congruence closure algorithm that has an additional {\$}{
              \backslash}mathit{\{}Explain{\}}{\$}operation.",
  isbn = "978-3-540-32033-3",
}

@article{Fellner2017,
  author = {Fellner, Andreas and Fontaine, Pascal and Paleo, Bruno Woltzenlogel},
  title = {NP-completeness of small conflict set generation for congruence
           closure},
  year = {2017},
  issue_date = {December 2017},
  publisher = {Kluwer Academic Publishers},
  address = {USA},
  volume = {51},
  number = {3},
  issn = {0925-9856},
  url = {https://doi.org/10.1007/s10703-017-0283-x},
  doi = {10.1007/s10703-017-0283-x},
  journal = {Form. Methods Syst. Des.},
  month = {dec},
  pages = {533â€“544},
  numpages = {12},
  keywords = {Complexity, Congruence closure, Decision procedures,
              Satisfiability modulo theories},
}

@inproceedings{flatt2022,
  author = {Flatt, Oliver and Coward, Samuel and Willsey, Max and Tatlock,
            Zachary and Panchekha, Pavel},
  booktitle = {2022 Formal Methods in Computer-Aided Design (FMCAD)},
  title = {Small Proofs from Congruence Closure},
  year = {2022},
  volume = {},
  number = {},
  pages = {75-83},
  keywords = {Measurement;Greedy algorithms;Design automation;Benchmark
              testing;Minimization;Engines},
  doi = {10.34727/2022/isbn.978-3-85448-053-2_13},
}

@inproceedings{Barbosa2022-cvc5,
  author    = {Haniel Barbosa and
               Clark W. Barrett and
               Martin Brain and
               Gereon Kremer and
               Hanna Lachnitt and
               Makai Mann and
               Abdalrhman Mohamed and
               Mudathir Mohamed and
               Aina Niemetz and
               Andres N{\"{o}}tzli and
               Alex Ozdemir and
               Mathias Preiner and
               Andrew Reynolds and
               Ying Sheng and
               Cesare Tinelli and
               Yoni Zohar},
  editor    = {Dana Fisman and
               Grigore Rosu},
  title     = {cvc5: {A} Versatile and Industrial-Strength {SMT} Solver},
  booktitle = tacas1,
  series    = {Lecture Notes in Computer Science},
  volume    = {13243},
  pages     = {415--442},
  publisher = {Springer},
  year      = {2022},
  url       = {https://doi.org/10.1007/978-3-030-99524-9\_24},
  doi       = {10.1007/978-3-030-99524-9\_24},
  timestamp = {Fri, 29 Apr 2022 14:50:36 +0200},
  biburl    = {https://dblp.org/rec/conf/tacas/BarbosaBBKLMMMN22.bib},
  bibsource = {dblp computer science bibliography, https://dblp.org}
}
